@article{Ciezarek:2017yzh,
    author         = "Ciezarek, Gregory and Franco Sevilla, Manuel and
                      Hamilton, Brian and Kowalewski, Robert and Kuhr, Thomas
                      and Lüth, Vera and Sato, Yutaro",
    title          = "{A Challenge to Lepton Universality in B Meson Decays}",
    journal        = "Nature",
    volume         = "546",
    year           = "2017",
    pages          = "227-233",
    doi            = "10.1038/nature22346",
    eprint         = "1703.01766",
    archivePrefix  = "arXiv",
    primaryClass   = "hep-ex",
    SLACcitation   = "%%CITATION = ARXIV:1703.01766;%%"
}

@article{Luth:1994,
    author   = "Lüth, Vera",
    title    = "{BABAR - The detector for the PEP II B factory at SLAC}",
    year     = "1994",
    journal  = "{Proceedings, Eighth Meeting of the Division of Particles and Fields and the American Physical Society}",
    url      = "http://www.iaea.org/inis/collection/NCLCollectionStore/_Public/26/041/26041783.pdf"
}

@inproceedings{Harrison:1998yr,
    author         = "Boutigny, D. and others",
    title          = "{The BABAR physics book: Physics at an asymmetric $B$
                      factory}",
    booktitle      = "{Workshop on Physics at an Asymmetric B Factory (BaBar
                      Collaboration Meeting) Pasadena, California, September
                      22-24, 1997}",
    collaboration  = "BaBar",
    url            = "http://www-public.slac.stanford.edu/sciDoc/docMeta.aspx?slacPubNumber=SLAC-R-504",
    year           = "1998",
    reportNumber   = "SLAC-R-0504, SLAC-R-504, SLAC-0504, SLAC-504",
    SLACcitation   = "%%CITATION = SLAC-R-0504;%%"
}

@article{Lees:2013uzd,
    author         = "Lees, J. P. and others",
    title          = "{Measurement of an Excess of $\bar{B} \to D^{(*)}\tau^-
                      \bar{\nu}_\tau$ Decays and Implications for Charged Higgs
                      Bosons}",
    collaboration  = "BaBar",
    journal        = "Phys. Rev.",
    volume         = "D88",
    year           = "2013",
    number         = "7",
    pages          = "072012",
    doi            = "10.1103/PhysRevD.88.072012",
    eprint         = "1303.0571",
    archivePrefix  = "arXiv",
    primaryClass   = "hep-ex",
    reportNumber   = "BABAR-PUB-13-001, SLAC-PUB-15381",
    SLACcitation   = "%%CITATION = ARXIV:1303.0571;%%"
}

@inproceedings{Boutigny:1995ib,
    author         = "Boutigny, D. and others",
    title          = "{BaBar technical design report}",
    booktitle      = "{BaBar Technical Design Report EPAC Meeting Stanford,
                      California, March 17-18, 1995}",
    collaboration  = "BaBar",
    url            = "http://www.slac.stanford.edu/BFROOT/doc/TDR",
    year           = "1995",
    reportNumber   = "SLAC-R-0457, SLAC-R-457, SLAC-0457, SLAC-457,
                      SLAC-R-95-457",
    SLACcitation   = "%%CITATION = SLAC-R-0457;%%"
}

@mastersthesis{McGregor:2008ek,
      author         = "McGregor, Grant Duncan",
      title          = "{B Counting at BaBar}",
      school         = "Canterbury U.",
      year           = "2008",
      url            = "http://www-public.slac.stanford.edu/sciDoc/docMeta.aspx?slacPubNumber=slac-r-912",
      eprint         = "0812.1954",
      archivePrefix  = "arXiv",
      primaryClass   = "hep-ex",
      reportNumber   = "SLAC-R-912",
      SLACcitation   = "%%CITATION = ARXIV:0812.1954;%%"
}

@INPROCEEDINGS{Bauer:2005,
    author     = "J. M. Bauer",
    booktitle  = "{IEEE Nuclear Science Symposium Conference Record, 2005}",
    title      = "{The BaBar electromagnetic calorimeter: status and performance improvements}",
    year       = "2005",
    volume     = "2",
    pages      = "1038-1042",
    doi        = "10.1109/NSSMIC.2005.1596430",
}

@article{Lees:2013rw,
    author         = "Lees, J. P. and others",
    title          = "{Time-Integrated Luminosity Recorded by the BABAR
                      Detector at the PEP-II $e^+ e^-$ Collider}",
    collaboration  = "BaBar",
    journal        = "Nucl. Instrum. Meth.",
    volume         = "A726",
    year           = "2013",
    pages          = "203-213",
    doi            = "10.1016/j.nima.2013.04.029",
    eprint         = "1301.2703",
    archivePrefix  = "arXiv",
    primaryClass   = "hep-ex",
    reportNumber   = "BABAR-PUB-12-031, SLAC-PUB-15347",
    SLACcitation   = "%%CITATION = ARXIV:1301.2703;%%"
}
